<?xml version='1.0' encoding='UTF-8'?>
<record xmlns="http://www.loc.gov/MARC21/slim">
  <leader>00785cam a2200217 a 4500</leader>
  <controlfield tag="001">372200</controlfield>
  <controlfield tag="003">NjP</controlfield>
  <controlfield tag="005">20170613154938.0</controlfield>
  <controlfield tag="008">870114s1955    ua c          00010 arard</controlfield>
  <datafield tag="024" ind1="7" ind2=" ">
    <subfield code="a">princeton_aco002875</subfield>
    <subfield code="2">local</subfield>
  </datafield>
  <datafield ind1=" " ind2=" " tag="035">
    <subfield code="a">(OCoLC)164706786</subfield>
  </datafield>
  <datafield ind1=" " ind2=" " tag="035">
    <subfield code="a">(CStRLIN)NJPG87-B2141</subfield>
  </datafield>
  <datafield ind1=" " ind2=" " tag="035">
    <subfield code="9">ABU7630TS</subfield>
  </datafield>
  <datafield ind1=" " ind2=" " tag="040">
    <subfield code="a">NjP</subfield>
    <subfield code="c">NjP</subfield>
  </datafield>
  <datafield ind1="1" ind2=" " tag="100">
    <subfield code="a">Ibrāhīm, Muḥammad ʻAbd al-Fattāḥ.</subfield>
  </datafield>
  <datafield ind1="1" ind2="0" tag="245">
    <subfield code="a">Aḥmad Zakī Abū Shādī /</subfield>
    <subfield code="c">bi-qalam Muḥammad ʻAbd al-Fattāḥ Ibrāhīm.</subfield>
  </datafield>
  <datafield ind1=" " ind2=" " tag="260">
    <subfield code="a">[Cairo] :</subfield>
    <subfield code="b">Maḳtabat al-Shuʻab,</subfield>
    <subfield code="c">1955.</subfield>
  </datafield>
  <datafield ind1=" " ind2=" " tag="300">
    <subfield code="a">59 p. :</subfield>
    <subfield code="b">1 port. ;</subfield>
    <subfield code="c">22 cm.</subfield>
  </datafield>
  <datafield ind1="2" ind2="0" tag="600">
    <subfield code="a">Abū Shādī, Aḥmad Zakī,</subfield>
    <subfield code="d">1892-1955.</subfield>
    <subfield code="0">http://id.loc.gov/authorities/names/n82247547</subfield>
  </datafield>
  <datafield ind1=" " ind2=" " tag="998">
    <subfield code="a">01/14/87</subfield>
    <subfield code="s">9124</subfield>
    <subfield code="n">NjP</subfield>
    <subfield code="w">NJPG87B2141</subfield>
    <subfield code="d">01/14/87</subfield>
    <subfield code="c">SSH</subfield>
    <subfield code="b">KE</subfield>
    <subfield code="i">870114</subfield>
    <subfield code="l">NJPG</subfield>
  </datafield>
  <datafield ind1=" " ind2=" " tag="948">
    <subfield code="a">CON PC2</subfield>
  </datafield>
  <datafield ind1=" " ind2=" " tag="911">
    <subfield code="a">19921028</subfield>
  </datafield>
  <datafield ind1=" " ind2=" " tag="912">
    <subfield code="a">19900827000000.0</subfield>
  </datafield>
  <datafield ind1="0" ind2="0" tag="852">
    <subfield code="0">406544</subfield>
    <subfield code="b">rcppa</subfield>
    <subfield code="t">1</subfield>
    <subfield code="h">PJ7808.S5</subfield>
    <subfield code="i">xZ53</subfield>
    <subfield code="x">tr fr arab</subfield>
  </datafield>
  <datafield ind1=" " ind2=" " tag="959">
    <subfield code="a">2007-02-26 10:56:06 -0500</subfield>
  </datafield>
</record>
